ISA*00*          *00*          *ZZ*330897513      *ZZ*GSTARATCHLEY   *120604*0849*U*00401*106844192*0*P*:~GS*HP*330897513*GSTARATCHLEY*20120604*0849*106844192*X*004010X091A1~ST*835*0001~BPR*I*124.98*C*CHK************20120604~TRN*1*09822-002453506*1066033492~REF*EV*330897513~DTM*405*20120604~N1*PR*AETNA~N3*151 FARMINGTON AVENUE~N4*HARTFORD*CT*06156~N1*PE*ATCHLEY, KEVIN P*XX*1497889620~N3*10555 MONTGOMERY BLVD NE~N4*ALBUQUERQUE*NM*871113857~REF*PQ*781146550~REF*TJ*202344885~LX*1~TS3*1760418669*11*20121231*2*225~CLP*TR00341*1*75*47.32**13*E3JK0ZVKC0000*11*1~NM1*QC*1*RAGAN*TUNIS****MI*W143703630~NM1*82*1*ATCHLEY*KEVIN*P***XX*1760418669~REF*1L*0836385-011-00201- C~DTM*050*20120515~DTM*232*20120511~DTM*233*20120511~PER*CX**TE*8886323862~AMT*AU*75~SVC*HC:98941*75*47.32**1~DTM*472*20120511~CAS*CO*45*27.68~REF*6R*839TR00341~AMT*B6*47.32~CLP*MR00227*1*150*77.66**13*E33400NJX0000*11*1~NM1*QC*1*RAGAN*MATTHEW****MI*W14370363003~NM1*74*1**TUNIS*R***C*W143703630~NM1*82*1*ATCHLEY*KEVIN*P***XX*1760418669~REF*1L*0836385-011-00201- C~DTM*050*20120515~DTM*232*20120509~DTM*233*20120509~PER*CX**TE*8886323862~AMT*AU*150~SVC*HC:98941*75*47.32**1~DTM*472*20120509~CAS*CO*45*27.68~REF*6R*834MR00227~AMT*B6*47.32~SVC*HC:97026*30*6.25**1~DTM*472*20120509~CAS*CO*45*23.75~REF*6R*837MR00227~AMT*B6*6.25~SVC*HC:97014*25*18.29**1~DTM*472*20120509~CAS*CO*45*6.71~REF*6R*835MR00227~AMT*B6*18.29~SVC*HC:97010*20*5.8**1~DTM*472*20120509~CAS*CO*45*14.2~REF*6R*836MR00227~AMT*B6*5.8~SE*60*0001~ST*835*0002~BPR*I*125.32*C*CHK************20120604~TRN*1*08325-086021198*1066033492~REF*EV*330897513~DTM*405*20120604~N1*PR*AETNA~N3*151 FARMINGTON AVENUE~N4*HARTFORD*CT*06156~N1*PE*ATCHLEY, KEVIN P*XX*1497889620~N3*10555 MONTGOMERY BLVD NE~N4*ALBUQUERQUE*NM*871113857~REF*PQ*781146550~REF*TJ*202344885~LX*1~TS3*1760418669*11*20121231*1*150~CLP*CO00335*1*150*62.66*15*13*E5TV0ZVJ20000*11*1~NM1*QC*1*ORWIG*CHERYL****MI*W032660650~NM1*82*1*ATCHLEY*KEVIN*P***XX*1760418669~REF*1L*0701143-014-00004-WC~REF*CE*AETNA CHOICE  POS II NET 03989~DTM*050*20120515~DTM*232*20120509~DTM*233*20120509~PER*CX**TE*8886323862~AMT*AU*150~SVC*HC:98941*75*32.32**1~DTM*472*20120509~CAS*CO*45*27.68~CAS*PR*3*15~REF*6R*699CO00335~AMT*B6*47.32~SVC*HC:97026*30*6.25**1~DTM*472*20120509~CAS*CO*45*23.75~REF*6R*702CO00335~AMT*B6*6.25~SVC*HC:97014*25*18.29**1~DTM*472*20120509~CAS*CO*45*6.71~REF*6R*700CO00335~AMT*B6*18.29~SVC*HC:97010*20*5.8**1~DTM*472*20120509~CAS*CO*45*14.2~REF*6R*701CO00335~AMT*B6*5.8~LX*2~TS3*1407089196*11*20121231*1*150~CLP*CO00335*1*150*62.66*15*13*E8PA01LSP0000*11*1~NM1*QC*1*ORWIG*CHERYL****MI*W032660650~NM1*82*1*HORDES*PAUL*R***XX*1407089196~REF*1L*0701143-014-00004-WC~REF*CE*AETNA CHOICE  POS II NET 03989~DTM*050*20120518~DTM*232*20120516~DTM*233*20120516~PER*CX**TE*8886323862~AMT*AU*150~SVC*HC:98941*75*32.32**1~DTM*472*20120516~CAS*CO*45*27.68~CAS*PR*3*15~REF*6R*724CO00335~AMT*B6*47.32~SVC*HC:97026*30*6.25**1~DTM*472*20120516~CAS*CO*45*23.75~REF*6R*727CO00335~AMT*B6*6.25~SVC*HC:97014*25*18.29**1~DTM*472*20120516~CAS*CO*45*6.71~REF*6R*725CO00335~AMT*B6*18.29~SVC*HC:97010*20*5.8**1~DTM*472*20120516~CAS*CO*45*14.2~REF*6R*726CO00335~AMT*B6*5.8~SE*80*0002~GE*2*106844192~IEA*1*106844192~
